<record><leader>00000cas a2200000 a 4500</leader><controlfield tag="001">10668635</controlfield><controlfield tag="008">840426c19469999azudn ne      0   a0eng c</controlfield><datafield ind1=" " ind2=" " tag="010"><subfield code="a">sn 86091251 </subfield></datafield><datafield ind1=" " ind2=" " tag="040"><subfield code="a">ATM</subfield><subfield code="b">eng</subfield><subfield code="c">ATM</subfield><subfield code="d">UNP</subfield><subfield code="d">NSD</subfield><subfield code="d">NVF</subfield><subfield code="d">ANN</subfield><subfield code="d">DLC</subfield><subfield code="d">OCLCQ</subfield><subfield code="d">DLC</subfield><subfield code="d">ZP2</subfield><subfield code="d">OCLCF</subfield><subfield code="d">CUS</subfield></datafield><datafield ind1=" " ind2=" " tag="012"><subfield code="j">1</subfield><subfield code="m">1</subfield></datafield><datafield ind1="1" ind2=" " tag="022"><subfield code="a">1054-9536</subfield><subfield code="l">1054-9536</subfield><subfield code="2">1</subfield></datafield><datafield ind1="1" ind2=" " tag="029"><subfield code="a">AU@</subfield><subfield code="b">000021114352</subfield></datafield><datafield ind1="1" ind2=" " tag="029"><subfield code="a">NZ1</subfield><subfield code="b">16074522</subfield></datafield><datafield ind1=" " ind2=" " tag="032"><subfield code="a">030560</subfield><subfield code="b">USPS</subfield></datafield><datafield ind1=" " ind2=" " tag="042"><subfield code="a">pcc</subfield><subfield code="a">nsdp</subfield></datafield><datafield ind1=" " ind2=" " tag="043"><subfield code="a">n-us-az</subfield></datafield><datafield ind1="0" ind2="0" tag="050"><subfield code="a">Newspaper</subfield></datafield><datafield ind1=" " ind2="4" tag="050"><subfield code="a">AN</subfield></datafield><datafield ind1=" " ind2="4" tag="082"><subfield code="a">071</subfield></datafield><datafield ind1="0" ind2=" " tag="130"><subfield code="a">Arizona daily sun (Flagstaff, Ariz.)</subfield></datafield><datafield ind1="0" ind2=" " tag="210"><subfield code="a">Ariz. dly. sun</subfield></datafield><datafield ind1=" " ind2="0" tag="222"><subfield code="a">Arizona daily sun</subfield></datafield><datafield ind1="0" ind2="0" tag="245"><subfield code="a">Arizona daily sun.</subfield></datafield><datafield ind1="1" ind2="7" tag="246"><subfield code="a">Daily sun</subfield></datafield><datafield ind1=" " ind2=" " tag="260"><subfield code="a">Flagstaff, Ariz. :</subfield><subfield code="b">Coconino Sun Co.,</subfield><subfield code="c">1946-</subfield></datafield><datafield ind1=" " ind2=" " tag="300"><subfield code="a">v. :</subfield><subfield code="b">ill.</subfield></datafield><datafield ind1=" " ind2=" " tag="310"><subfield code="a">Daily (except Saturday)</subfield></datafield><datafield ind1=" " ind2=" " tag="321"><subfield code="a">Daily (except Saturday &amp; Sunday)</subfield></datafield><datafield ind1=" " ind2=" " tag="321"><subfield code="a">Daily (except Sunday)</subfield></datafield><datafield ind1=" " ind2=" " tag="336"><subfield code="a">text</subfield><subfield code="b">txt</subfield><subfield code="2">rdacontent</subfield></datafield><datafield ind1=" " ind2=" " tag="337"><subfield code="a">unmediated</subfield><subfield code="b">n</subfield><subfield code="2">rdamedia</subfield></datafield><datafield ind1=" " ind2=" " tag="338"><subfield code="a">volume</subfield><subfield code="b">nc</subfield><subfield code="2">rdacarrier</subfield></datafield><datafield ind1="0" ind2=" " tag="362"><subfield code="a">Vol. 1, no. 1 (Aug. 5, 1946)-</subfield></datafield><datafield ind1=" " ind2=" " tag="580"><subfield code="a">Includes section with separate numbering: Page signal, Aug. 18, 1959-Feb. 2, 1960.</subfield></datafield><datafield ind1=" " ind2="0" tag="651"><subfield code="a">Flagstaff (Ariz.)</subfield><subfield code="v">Newspapers.</subfield></datafield><datafield ind1=" " ind2="0" tag="651"><subfield code="a">Page (Ariz.)</subfield><subfield code="v">Newspapers.</subfield></datafield><datafield ind1=" " ind2="0" tag="651"><subfield code="a">Coconino County (Ariz.)</subfield><subfield code="v">Newspapers.</subfield></datafield><datafield ind1=" " ind2="7" tag="651"><subfield code="a">Arizona</subfield><subfield code="z">Coconino County.</subfield><subfield code="2">fast</subfield><subfield code="0">(OCoLC)fst01217112</subfield></datafield><datafield ind1=" " ind2="7" tag="651"><subfield code="a">Arizona</subfield><subfield code="z">Flagstaff.</subfield><subfield code="2">fast</subfield><subfield code="0">(OCoLC)fst01205910</subfield></datafield><datafield ind1=" " ind2="7" tag="651"><subfield code="a">Arizona</subfield><subfield code="z">Page.</subfield><subfield code="2">fast</subfield><subfield code="0">(OCoLC)fst01216935</subfield></datafield><datafield ind1=" " ind2="7" tag="655"><subfield code="a">Newspapers.</subfield><subfield code="2">fast</subfield><subfield code="0">(OCoLC)fst01423814</subfield></datafield><datafield ind1="0" ind2=" " tag="730"><subfield code="a">Page signal.</subfield></datafield><datafield ind1=" " ind2=" " tag="752"><subfield code="a">United States</subfield><subfield code="b">Arizona</subfield><subfield code="c">Coconino</subfield><subfield code="d">Flagstaff.</subfield></datafield><datafield ind1="0" ind2=" " tag="777"><subfield code="t">Page signal</subfield><subfield code="w">(DLC)sn 86091252</subfield><subfield code="w">(OCoLC)13362061</subfield></datafield><datafield ind1="0" ind2="0" tag="780"><subfield code="t">Coconino sun (Flagstaff, Ariz. : 1898)</subfield><subfield code="x">2158-2637</subfield><subfield code="w">(DLC)sn 87062055</subfield><subfield code="w">(OCoLC)15161407</subfield></datafield><datafield ind1="4" ind2="1" tag="856"><subfield code="3">EBSCOhost: 27/10/2002 to present.</subfield><subfield code="u">http://search.ebscohost.com/login.aspx?direct=true&amp;db=nfh&amp;jn=Arizona+Daily+Sun+(Flagstaff,+AZ)&amp;site=ehost-live&amp;scope=site</subfield></datafield></record>